<?xml version="1.0" encoding="UTF-8"?><collection xmlns="http://www.loc.gov/MARC21/slim"><record><leader>00492nam--2200169-u-4500</leader><controlfield tag="001">000056925</controlfield><controlfield tag="002">20200917</controlfield><controlfield tag="005">20200917023227</controlfield><controlfield tag="008">200917s1000------------r-----000-0-eng-d</controlfield><datafield ind1=" " ind2=" " tag="040"><subfield code="a">IFIN-HH</subfield></datafield><datafield ind1="1" ind2=" " tag="100"><subfield code="a">Asimov, Isaac</subfield></datafield><datafield ind1="1" ind2="0" tag="245"><subfield code="a">Undersnatnding Physics: The Electron, Proton and Neutrom. vol. III</subfield><subfield code="c">Isaac Asimov</subfield></datafield><datafield ind1=" " ind2=" " tag="260"><subfield code="a">New York</subfield><subfield code="b">New American Library</subfield><subfield code="c">1966</subfield></datafield><datafield ind1=" " ind2=" " tag="300"><subfield code="a">269 p</subfield></datafield><datafield ind1=" " ind2=" " tag="500"><subfield code="a">Donatie Acad. Nicolae Victor Zamfir</subfield></datafield><datafield ind1=" " ind2=" " tag="852"><subfield code="a">82853</subfield><subfield code="c">NVZ</subfield></datafield><datafield ind1=" " ind2=" " tag="CAT"><subfield code="a">SYS</subfield><subfield code="c">20200917</subfield><subfield code="h">023227</subfield></datafield></record></collection>